<collection xmlns="http://www.loc.gov/MARC21/slim">
   <record>
      <leader>03379cam a2200481 i 4500</leader>
      <controlfield tag="001">6759414</controlfield>
      <controlfield tag="003">OCoLC</controlfield>
      <controlfield tag="005">20141203005633.0</controlfield>
      <controlfield tag="006">m     o  d        </controlfield>
      <controlfield tag="007">cr cnu---unuuu</controlfield>
      <controlfield tag="008">141105s2015    enk     o     000 0 eng d</controlfield>
      <datafield ind1=" " ind2=" " tag="020">
         <subfield code="a">9781782623120 (electronic bk.)</subfield>
      </datafield>
      <datafield ind1=" " ind2=" " tag="020">
         <subfield code="a">1782623124 (electronic bk.)</subfield>
      </datafield>
      <datafield ind1=" " ind2=" " tag="035">
         <subfield code="a">ocn894485142</subfield>
      </datafield>
      <datafield ind1=" " ind2=" " tag="037">
         <subfield code="a">3976:3847</subfield>
         <subfield code="b">Royal Society of Chemistry</subfield>
         <subfield code="n">http://www.rsc.org/spr</subfield>
      </datafield>
      <datafield ind1=" " ind2=" " tag="039">
         <subfield code="a">exclude</subfield>
      </datafield>
      <datafield ind1=" " ind2=" " tag="040">
         <subfield code="a">UKRSC</subfield>
         <subfield code="b">eng</subfield>
         <subfield code="e">rda</subfield>
         <subfield code="e">pn</subfield>
         <subfield code="c">UKRSC</subfield>
         <subfield code="d">OCLCO</subfield>
         <subfield code="d">AEU</subfield>
      </datafield>
      <datafield ind1=" " ind2="4" tag="050">
         <subfield code="a">QD400.5.S95</subfield>
      </datafield>
      <datafield ind1="0" ind2="4" tag="082">
         <subfield code="a">547/.59</subfield>
         <subfield code="2">23</subfield>
      </datafield>
      <datafield ind1=" " ind2=" " tag="090">
         <subfield code="a">Internet Access</subfield>
         <subfield code="b">AEU</subfield>
      </datafield>
      <datafield ind1="1" ind2=" " tag="100">
         <subfield code="a">Wu, Xiao-Feng,</subfield>
         <subfield code="e">author.</subfield>
         <subfield code="0">http://viaf.org/viaf/225113775</subfield>
      </datafield>
      <datafield ind1="1" ind2="0" tag="245">
         <subfield code="a">Heterocycles from double-functionalized arenes :</subfield>
         <subfield code="b">transition metal catalyzed coupling reactions /</subfield>
         <subfield code="c">Xiao-Feng Wu, Matthias Beller, Chris Hardacre.</subfield>
      </datafield>
      <datafield ind1=" " ind2="1" tag="264">
         <subfield code="a">[Cambridge] :</subfield>
         <subfield code="b">Royal Society of Chemistry,</subfield>
         <subfield code="c">2015.</subfield>
      </datafield>
      <datafield ind1=" " ind2=" " tag="300">
         <subfield code="a">1 online resource.</subfield>
      </datafield>
      <datafield ind1=" " ind2=" " tag="336">
         <subfield code="a">text</subfield>
         <subfield code="b">txt</subfield>
         <subfield code="2">rdacontent</subfield>
         <subfield code="0">http://id.loc.gov/vocabulary/contentTypes/txt</subfield>
      </datafield>
      <datafield ind1=" " ind2=" " tag="337">
         <subfield code="a">computer</subfield>
         <subfield code="b">c</subfield>
         <subfield code="2">rdamedia</subfield>
         <subfield code="0">http://id.loc.gov/vocabulary/mediaTypes/c</subfield>
      </datafield>
      <datafield ind1=" " ind2=" " tag="338">
         <subfield code="a">online resource</subfield>
         <subfield code="b">cr</subfield>
         <subfield code="2">rdacarrier</subfield>
         <subfield code="0">http://id.loc.gov/vocabulary/carriers/cr</subfield>
      </datafield>
      <datafield ind1="1" ind2=" " tag="490">
         <subfield code="a">RSC catalysis series</subfield>
      </datafield>
      <datafield ind1=" " ind2=" " tag="506">
         <subfield code="a">Access restricted to authorized users and institutions.</subfield>
      </datafield>
      <datafield ind1=" " ind2=" " tag="520">
         <subfield code="a">The efficient synthesis of heterocycles has become one of the main branches in organic chemistry due to their use in the synthesis of natural products and pharmaceuticals. Current sythentic strategies based on C-H activation methodologies are met with many problems like harsh reaction conditions and low reaction efficiency. Double functionalized chemicals offer a perfect alternative for the synthesis of heterocycles. Heterocycles from Double-Functionalized Arenes starts with a short discussion on the importance of heterocycles and a brief introduction on the preparation of double-functionalized arenes. Specific chapters then look at five-membered heterocycles synthesis, six-membered heterocycles synthesis and macroheterocycles synthesis.This is the first book dedicated to the topic of transition metal catalyzed coupling reactions of double functionalized arenes in heterocycle synthesis and can be used as a handbook for senior researchers and as an introduction for organic chemistry students.</subfield>
      </datafield>
      <datafield ind1=" " ind2=" " tag="588">
         <subfield code="a">Description based on publisher supplied information; title not viewed.</subfield>
      </datafield>
      <datafield ind1=" " ind2=" " tag="596">
         <subfield code="a">44</subfield>
      </datafield>
      <datafield ind1=" " ind2="0" tag="650">
         <subfield code="a">Heterocyclic compounds</subfield>
         <subfield code="x">Synthesis.</subfield>
      </datafield>
      <datafield ind1=" " ind2="0" tag="650">
         <subfield code="a">Aromatic compounds.</subfield>
         <subfield code="0">http://id.loc.gov/authorities/subjects/sh85007397</subfield>
      </datafield>
      <datafield ind1="1" ind2=" " tag="700">
         <subfield code="a">Beller, Matthias,</subfield>
         <subfield code="e">author.</subfield>
         <subfield code="0">http://id.loc.gov/authorities/names/nb98031861</subfield>
         <subfield code="0">http://viaf.org/viaf/76594147</subfield>
      </datafield>
      <datafield ind1="1" ind2=" " tag="700">
         <subfield code="a">Hardacre, Chris,</subfield>
         <subfield code="e">author.</subfield>
         <subfield code="0">http://id.loc.gov/authorities/names/nb2014010838</subfield>
         <subfield code="0">http://viaf.org/viaf/233533798</subfield>
      </datafield>
      <datafield ind1="2" ind2=" " tag="710">
         <subfield code="a">Royal Society of Chemistry (Great Britain)</subfield>
         <subfield code="0">http://id.loc.gov/authorities/names/n81122723</subfield>
         <subfield code="0">http://viaf.org/viaf/128803576</subfield>
      </datafield>
      <datafield ind1=" " ind2=" " tag="758">
         <subfield code="0">http://worldcat.org/entity/work/id/365659778</subfield>
      </datafield>
      <datafield ind1="0" ind2=" " tag="787">
         <subfield code="n">OCLC Work Id</subfield>
         <subfield code="o">http://worldcat.org/entity/work/id/365659778</subfield>
      </datafield>
      <datafield ind1=" " ind2="0" tag="830">
         <subfield code="a">RSC catalysis series.</subfield>
         <subfield code="0">http://id.loc.gov/authorities/names/no2008189149</subfield>
      </datafield>
      <datafield ind1="4" ind2="0" tag="856">
         <subfield code="3">University of Alberta Access</subfield>
         <subfield code="u">http://dx.doi.org/10.1039/9781782623120</subfield>
      </datafield>
      <datafield ind1=" " ind2=" " tag="949">
         <subfield code="h">UAIN</subfield>
         <subfield code="z">RSC</subfield>
      </datafield>
      <datafield ind1=" " ind2=" " tag="926">
         <subfield code="a">Internet Access</subfield>
         <subfield code="w">LC</subfield>
         <subfield code="c">1</subfield>
         <subfield code="i">6759414-1001</subfield>
         <subfield code="l">INTERNET</subfield>
         <subfield code="m">UAINTERNET</subfield>
         <subfield code="r">Y</subfield>
         <subfield code="s">Y</subfield>
         <subfield code="t">E-RESOURCE</subfield>
         <subfield code="u">12/16/2014</subfield>
         <subfield code="x">E-BOOK</subfield>
         <subfield code="z">RSC</subfield>
      </datafield>
   </record>
</collection>
